<collection xmlns="http://www.loc.gov/MARC21/slim">
<record>
  <leader>01493nam a2200361 a 4500</leader>
  <controlfield tag="001">3210499</controlfield>
  <controlfield tag="007">he amb---bbcp</controlfield>
  <controlfield tag="007">he bmb---baap</controlfield>
  <controlfield tag="008">831201s1871    onc     b     000 0 eng d</controlfield>
  <datafield tag="020" ind1=" " ind2=" ">
    <subfield code="a">066528926X</subfield>
  </datafield>
  <datafield tag="035" ind1=" " ind2=" ">
    <subfield code="a">ocm85748538</subfield>
  </datafield>
  <datafield tag="040" ind1=" " ind2=" ">
    <subfield code="a">CaOOCIHM</subfield>
    <subfield code="b">eng</subfield>
    <subfield code="d">AEU</subfield>
  </datafield>
  <datafield tag="043" ind1=" " ind2=" ">
    <subfield code="a">n-cn-on</subfield>
  </datafield>
  <datafield tag="082" ind1="0" ind2=" ">
    <subfield code="a">362.11068</subfield>
    <subfield code="2">19</subfield>
  </datafield>
  <datafield tag="090" ind1=" " ind2=" ">
    <subfield code="a">FC 02 0203 no. 28926</subfield>
    <subfield code="b">AEU</subfield>
  </datafield>
  <datafield tag="110" ind1="2" ind2=" ">
    <subfield code="a">Toronto General Hospital.</subfield>
    <subfield code="b">Trustees.</subfield>
  </datafield>
  <datafield tag="245" ind1="1" ind2="0">
    <subfield code="a">Answer of the Trustees of the Toronto General Hospital to the report of the Inspector of Prisons, etc., lately presented to the Legislative Assembly</subfield>
    <subfield code="h">[microform] .</subfield>
  </datafield>
  <datafield tag="260" ind1=" " ind2=" ">
    <subfield code="a">[Toronto? :</subfield>
    <subfield code="b">s.n.],</subfield>
    <subfield code="c">1871</subfield>
    <subfield code="e">(Toronto :</subfield>
    <subfield code="f">Leader Office)</subfield>
  </datafield>
  <datafield tag="300" ind1=" " ind2=" ">
    <subfield code="a">1 microfiche (18 fr.).</subfield>
  </datafield>
  <datafield tag="490" ind1="1" ind2=" ">
    <subfield code="a">CIHM/ICMH Microfiche series = CIHM/ICMH collection de microfiches ;</subfield>
    <subfield code="v">no. 28926</subfield>
  </datafield>
  <datafield tag="500" ind1=" " ind2=" ">
    <subfield code="a">Tables.</subfield>
  </datafield>
  <datafield tag="500" ind1=" " ind2=" ">
    <subfield code="a">Signed and dated: J.W. Brent, Secretary. Committee Room, Toronto, 14th Jan., 1871.</subfield>
  </datafield>
  <datafield tag="533" ind1=" " ind2=" ">
    <subfield code="a">Filmed from a copy of the original publication held by the Thomas Fisher Rare Book Library, University of Toronto Library.</subfield>
    <subfield code="b">Ottawa :</subfield>
    <subfield code="c">Canadian Institute for Historical Microreproductions,</subfield>
    <subfield code="d">1982.</subfield>
  </datafield>
  <datafield tag="534" ind1=" " ind2=" ">
    <subfield code="e">27 p.</subfield>
  </datafield>
  <datafield tag="596" ind1=" " ind2=" ">
    <subfield code="a">43</subfield>
  </datafield>
  <datafield tag="610" ind1="2" ind2="0">
    <subfield code="a">Toronto General Hospital.</subfield>
  </datafield>
  <datafield tag="610" ind1="2" ind2="6">
    <subfield code="a">Toronto General Hospital.</subfield>
  </datafield>
  <datafield tag="650" ind1=" " ind2="0">
    <subfield code="a">Hospitals</subfield>
    <subfield code="z">Ontario.</subfield>
  </datafield>
  <datafield tag="650" ind1=" " ind2="6">
    <subfield code="a">Hôpitaux</subfield>
    <subfield code="z">Ontari</subfield>
  </datafield>
<!-- No separator at end of field length=24 -->
  <datafield tag="830" ind1="." ind2="">
    <subfield code="0"></subfield>
    <subfield code="a">CIHM/ICMH microfiche series ;</subfield>
    <subfield code="v">no. 289</subfield>
  </datafield>
<!-- No separator at end of field length=45 -->
  <datafield tag="949" ind1="6" ind2="">
    <subfield code=" "></subfield>
    <subfield code="h">UAHS-MF</subfield>
    <subfield code="z">CIHMMP</subfield>
  </datafield>
<!-- No separator at end of field length=22 -->
  <datafield tag="016" ind1="E" ind2="">
    <subfield code=" "></subfield>
    <subfield code="a"> 8361865</subfield>
  </datafield>
<!-- No separator at end of field length=15 -->
  <datafield tag="926" ind1="6" ind2="">
    <subfield code=" "></subfield>
    <subfield code="a">UAHSS</subfield>
    <subfield code="b">MICROFICHE</subfield>
    <subfield code="c">FC 02 0203 no. 28926</subfield>
    <subfield code="d">MICROFORM</subfield>
    <subfield code=""></subfield>
  </datafield>
<!-- No separator at end of field length=58 -->
</record>
</collection>
